@mastersthesis{glados,
	author = {Geneva Smith},
	title = {{GLaDOS: Integrating Emotion-Based Behaviours into Non-Player 
	Characters in Computer Role-Playing Games}},
	type = {{M.A.Sc. (Software Engineering) Thesis}},
	school = {McMaster University},
	month = {April},
	year = {2017},
	url = {http://hdl.handle.net/11375/21369},
	urldate = {September 15, 2017},
}
