@inproceedings{SmithAndLai2005,
	Address = {Paris, France},
	Author = {W. Spencer Smith and Lei Lai},
	Booktitle = {Proceedings of the First International Workshop on Situational Requirements Engineering Processes -- Methods, Techniques and Tools to Support Situation-Specific Requirements Engineering Processes, SREP'05},
	Date-Added = {2017-09-05 02:21:52 +0000},
	Date-Modified = {2017-09-05 02:21:52 +0000},
	Editor = {J. Ralyt\'{e} and P. \.{A}gerfalk and N. Kraiem},
	Local-Url = {file://localhost/Users/smiths/Work/Research/Papers/SREP05/SREP05_ReformatAndRevise/SmithAndLai_2005.pdf},
	Organization = {In conjunction with 13th IEEE International Requirements Engineering Conference},
	Pages = {107--121},
	Title = {A New Requirements Template for Scientific Computing},
	Year = {2005},
	Bdsk-File-1 = {YnBsaXN0MDDUAQIDBAUGJCVYJHZlcnNpb25YJG9iamVjdHNZJGFyY2hpdmVyVCR0b3ASAAGGoKgHCBMUFRYaIVUkbnVsbNMJCgsMDxJXTlMua2V5c1pOUy5vYmplY3RzViRjbGFzc6INDoACgAOiEBGABIAFgAdccmVsYXRpdmVQYXRoWWFsaWFzRGF0YV8QVS4uLy4uLy4uLy4uL1dvcmsvUmVzZWFyY2gvUGFwZXJzL1NSRVAwNS9TUkVQMDVfUmVmb3JtYXRBbmRSZXZpc2UvU21pdGhBbmRMYWlfMjAwNS5wZGbSFwsYGVdOUy5kYXRhTxEBxAAAAAABxAACAAAMTWFjaW50b3NoIEhEAAAAAAAAAAAAAAAAAAAAAAAAAEJEAAH/////FFNtaXRoQW5kTGFpXzIwMDUucGRmAAAAAAAAAAAAAAAAAAAAAAAAAAAAAAAAAAAAAAAAAAAAAAAAAAAAAAAAAP////8AAAAAAAAAAAAAAAAABAAGAAAKIGN1AAAAAAAAAAAAAAAAABhTUkVQMDVfUmVmb3JtYXRBbmRSZXZpc2UAAgBYLzpVc2VyczpzbWl0aHM6V29yazpSZXNlYXJjaDpQYXBlcnM6U1JFUDA1OlNSRVAwNV9SZWZvcm1hdEFuZFJldmlzZTpTbWl0aEFuZExhaV8yMDA1LnBkZgAOACoAFABTAG0AaQB0AGgAQQBuAGQATABhAGkAXwAyADAAMAA1AC4AcABkAGYADwAaAAwATQBhAGMAaQBuAHQAbwBzAGgAIABIAEQAEgBWVXNlcnMvc21pdGhzL1dvcmsvUmVzZWFyY2gvUGFwZXJzL1NSRVAwNS9TUkVQMDVfUmVmb3JtYXRBbmRSZXZpc2UvU21pdGhBbmRMYWlfMjAwNS5wZGYAEwABLwAAFQACAA3//wAAgAbSGxwdHlokY2xhc3NuYW1lWCRjbGFzc2VzXU5TTXV0YWJsZURhdGGjHR8gVk5TRGF0YVhOU09iamVjdNIbHCIjXE5TRGljdGlvbmFyeaIiIF8QD05TS2V5ZWRBcmNoaXZlctEmJ1Ryb290gAEACAARABoAIwAtADIANwBAAEYATQBVAGAAZwBqAGwAbgBxAHMAdQB3AIQAjgDmAOsA8wK7Ar0CwgLNAtYC5ALoAu8C+AL9AwoDDQMfAyIDJwAAAAAAAAIBAAAAAAAAACgAAAAAAAAAAAAAAAAAAAMp}}

@inproceedings{SmithEtAl2004,
	Address = {Savannah, Georgia},
	Author = {W. Spencer Smith and Lei Lai and Ridha Khedri},
	Booktitle = {Proceedings of the NSF Workshop on Reliable Engineering Computing},
	Date-Added = {2017-09-05 02:21:40 +0000},
	Date-Modified = {2017-09-05 02:21:40 +0000},
	Editor = {R. Muhanna and R. Mullen},
	Pages = {29--51},
	Title = {Requirements Analysis for Engineering Computation},
	Year = {2004}}

@mastersthesis{Lai2004,
	Author = {Lei Lai},
	Date-Added = {2017-09-05 02:21:22 +0000},
	Date-Modified = {2017-09-05 02:21:22 +0000},
	School = {McMaster University, Hamilton, Ontario, Canada},
	Title = {Requirements Documentation for Engineering Mechanics Software: Guidelines, Template and a Case Study},
	Year = {2004}}

@misc{horton,
	author={},
	title={},
	url={},
	year={}
}