@techreport{multipendula,
	Author = {W. Spencer Smith and John McCutchan and Jacques Carette},
	Institution = {McMaster University, Department of Computing and Software},
	Title = {Commonality Analysis for a Family of Material Models},
	Year = {2017},
} 
